<?xml version="1.0" encoding="UTF-8"?>
<record xmlns="http://www.loc.gov/MARC21/slim">
   <leader>02498cas a2200553 a 4500</leader>
   <controlfield tag="001">2918549</controlfield>
   <controlfield tag="008">      d19uu1989abcar        s0     fre d</controlfield>
   <datafield tag="022" ind1=" " ind2=" ">
      <subfield code="a">0848-7502</subfield>
   </datafield>
   <datafield tag="040" ind1=" " ind2=" ">
      <subfield code="a">AEUSJ</subfield>
      <subfield code="b">eng</subfield>
   </datafield>
   <datafield tag="043" ind1=" " ind2=" ">
      <subfield code="a">n-cn-ab</subfield>
   </datafield>
   <datafield tag="055" ind1=" " ind2="3">
      <subfield code="a">LB 3054 C2</subfield>
      <subfield code="b">D5242</subfield>
   </datafield>
   <datafield tag="090" ind1=" " ind2=" ">
      <subfield code="a">510.076 M37</subfield>
      <subfield code="b">AEUSJ</subfield>
   </datafield>
   <datafield tag="090" ind1=" " ind2=" ">
      <subfield code="a">LB 3054 C2 D524 F8</subfield>
      <subfield code="b">AEU</subfield>
   </datafield>
   <datafield tag="240" ind1="0" ind2="0">
      <subfield code="a">Mathématiques &amp; sciences.</subfield>
   </datafield>
   <datafield tag="245" ind1="0" ind2="0">
      <subfield code="a">Mathématiques &amp; sciences.</subfield>
   </datafield>
   <datafield tag="246" ind1="3" ind2=" ">
      <subfield code="a">Mathématiques et sciences</subfield>
   </datafield>
   <datafield tag="246" ind1="1" ind2=" ">
      <subfield code="a">Programme des examens--diplôme de 12e année.</subfield>
      <subfield code="p">Mathématiques &amp; sciences.</subfield>
   </datafield>
   <datafield tag="260" ind1=" " ind2=" ">
      <subfield code="a">[Edmonton] :</subfield>
      <subfield code="b">Alberta Education, Student Evaluation Branch,</subfield>
      <subfield code="c">-[1988]</subfield>
   </datafield>
   <datafield tag="300" ind1=" " ind2=" ">
      <subfield code="a">v. ;</subfield>
      <subfield code="c">28 cm.</subfield>
   </datafield>
   <datafield tag="310" ind1=" " ind2=" ">
      <subfield code="a">Annuel</subfield>
   </datafield>
   <datafield tag="336" ind1=" " ind2=" ">
      <subfield code="a">text</subfield>
      <subfield code="b">txt</subfield>
      <subfield code="2">rdacontent</subfield>
   </datafield>
   <datafield tag="337" ind1=" " ind2=" ">
      <subfield code="a">unmediated</subfield>
      <subfield code="b">n</subfield>
      <subfield code="2">rdamedia</subfield>
   </datafield>
   <datafield tag="338" ind1=" " ind2=" ">
      <subfield code="a">volume</subfield>
      <subfield code="b">nc</subfield>
      <subfield code="2">rdacarrier</subfield>
   </datafield>
   <datafield tag="362" ind1="0" ind2=" ">
      <subfield code="a">-année scolaire 1988/89.</subfield>
   </datafield>
   <datafield tag="440" ind1=" " ind2="0">
      <subfield code="a">Programme des examens--diplôme de 12e année</subfield>
   </datafield>
   <datafield tag="500" ind1=" " ind2=" ">
      <subfield code="a">Description d'après: Année scolaire 1986/87; titre de la couv.</subfield>
   </datafield>
   <datafield tag="550" ind1=" " ind2=" ">
      <subfield code="a">Publ. par: Student Evaluation and Records Branch, 1988/89.</subfield>
   </datafield>
   <datafield tag="590" ind1=" " ind2=" ">
      <subfield code="a">Approved for use in Alberta schools.</subfield>
   </datafield>
   <datafield tag="596" ind1=" " ind2=" ">
      <subfield code="a">38 39</subfield>
   </datafield>
   <datafield tag="650" ind1=" " ind2="6">
      <subfield code="a">Mathematiques</subfield>
      <subfield code="z">Alberta</subfield>
      <subfield code="x">Examens</subfield>
      <subfield code="v">Périodiques.</subfield>
   </datafield>
   <datafield tag="650" ind1=" " ind2="6">
      <subfield code="a">Physique</subfield>
      <subfield code="z">Alberta</subfield>
      <subfield code="x">Examens</subfield>
      <subfield code="v">Périodiques.</subfield>
   </datafield>
   <datafield tag="650" ind1=" " ind2="6">
      <subfield code="a">Chimie</subfield>
      <subfield code="z">Alberta</subfield>
      <subfield code="x">Examens</subfield>
      <subfield code="v">Périodiques.</subfield>
   </datafield>
   <datafield tag="650" ind1=" " ind2="6">
      <subfield code="a">Biologie</subfield>
      <subfield code="z">Alberta</subfield>
      <subfield code="x">Examens</subfield>
      <subfield code="v">Périodiques.</subfield>
   </datafield>
   <datafield tag="650" ind1=" " ind2="0">
      <subfield code="a">Mathematics</subfield>
      <subfield code="z">Alberta</subfield>
      <subfield code="v">Examinations, questions, etc.</subfield>
      <subfield code="v">Periodicals.</subfield>
   </datafield>
   <datafield tag="650" ind1=" " ind2="0">
      <subfield code="a">Physics</subfield>
      <subfield code="z">Alberta</subfield>
      <subfield code="v">Examinations, questions, etc.</subfield>
      <subfield code="v">Periodicals.</subfield>
   </datafield>
   <datafield tag="650" ind1=" " ind2="0">
      <subfield code="a">Chemistry</subfield>
      <subfield code="z">Alberta</subfield>
      <subfield code="v">Examinations, questions, etc.</subfield>
      <subfield code="v">Periodicals.</subfield>
   </datafield>
   <datafield tag="650" ind1=" " ind2="0">
      <subfield code="a">Biology</subfield>
      <subfield code="z">Alberta</subfield>
      <subfield code="v">Examinations, questions, etc.</subfield>
      <subfield code="v">Periodicals.</subfield>
   </datafield>
   <datafield tag="710" ind1="1" ind2=" ">
      <subfield code="a">Alberta.</subfield>
      <subfield code="b">Student Evaluation Branch.</subfield>
   </datafield>
   <datafield tag="710" ind1="1" ind2=" ">
      <subfield code="a">Alberta.</subfield>
      <subfield code="b">Student Evaluation and Records.</subfield>
   </datafield>
   <datafield tag="775" ind1="0" ind2=" ">
      <subfield code="t">Mathematics &amp; sciences.</subfield>
      <subfield code="d">[Edmonton] : Alberta Education, Student Evaluation Branch, [19--]-1988.</subfield>
      <subfield code="e">eng</subfield>
      <subfield code="f">abc</subfield>
      <subfield code="k">Grade 12 Diploma Examinations Program bulletin</subfield>
      <subfield code="x">0848-7480</subfield>
      <subfield code="w">(CaOONL) 910813949  rev</subfield>
      <subfield code="w">(OCoLC)ocm23263652 </subfield>
      <subfield code="w">(OCoLC)ocm23263652 </subfield>
      <subfield code="w">(OCoLC)ocm23263652 </subfield>
      <subfield code="w">(OCoLC)ocm23263652 </subfield>
      <subfield code="w">(DLC)cn 91081394</subfield>
   </datafield>
   <datafield tag="785" ind1="0" ind2="0">
      <subfield code="t">Bulletin de mathématiques et sciences</subfield>
      <subfield code="x">0848-7510</subfield>
   </datafield>
   <datafield tag="940" ind1=" " ind2=" ">
      <subfield code="a">NO EJOURNAL HOLDINGS</subfield>
   </datafield>
   <datafield tag="926" ind1=" " ind2=" ">
      <subfield code="a">UABARD</subfield>
      <subfield code="b">ON_SHELF</subfield>
      <subfield code="c">LB 3054 C2 D524 F8 1986/1987</subfield>
      <subfield code="d">BOOK</subfield>
      <subfield code="f">1</subfield>
   </datafield>
   <datafield tag="926" ind1=" " ind2=" ">
      <subfield code="a">UABSJ</subfield>
      <subfield code="b">SPECIALCOL</subfield>
      <subfield code="c">510.076 M37 1988/1989</subfield>
      <subfield code="d">NO_LOAN</subfield>
      <subfield code="f">1</subfield>
   </datafield>
   <datafield tag="927" ind1=" " ind2=" ">
      <subfield code="a">UABARD</subfield>
   </datafield>
   <datafield tag="927" ind1=" " ind2=" ">
      <subfield code="b">Location</subfield>
      <subfield code="c">ON_SHELF-- LB 3054 C2 D524 F8</subfield>
   </datafield>
   <datafield tag="927" ind1=" " ind2=" ">
      <subfield code="b">Library has</subfield>
      <subfield code="c">1986/1987</subfield>
   </datafield>
   <datafield tag="927" ind1=" " ind2=" ">
      <subfield code="a">UABSJ</subfield>
   </datafield>
   <datafield tag="927" ind1=" " ind2=" ">
      <subfield code="b">Location</subfield>
      <subfield code="c">SPECIALCOL-- 510.076 M37</subfield>
   </datafield>
   <datafield tag="927" ind1=" " ind2=" ">
      <subfield code="b">Library has</subfield>
      <subfield code="c">1988/1989</subfield>
   </datafield>
</record>
